% book
% Required fields: author or editor, title, publisher, year. 
% Optional fields: volume or number, series, address, edition, month, note.
@book{coulouris,
  author = {Coulouris  G.  F.,  Dollimore J. e  Kindberg T},
  title = {Distributed Systems: concepts and Design},
  publisher = {Addison-Wesley},
  year = {1994},
  edition = "second edition"

}

% article
% Required fields: author, title, journal, year. 
% Optional fields: volume, number, pages, month, note.
@article{donoho,
  author = {Donoho D. L.},
  title = {Compressed Sensing},
  journal = {IEEE Trans. Inf. Theory},
  volume = {52},
  number = {4},
  pages = {1289-1306},
  year = {2006}
}

@article{soc,
  author = {Dijkstra Edsger W.},
  title = {On the Role of Scientific Thought},
  journal = {Selected writings on Computing: A Personal Perspective},
  pages = {60-66},
  year = {1982},
  city = {New York, NY, USA: Springer-Verlag}
}

% article
% Required fields: author, title, journal, year. 
% Optional fields: volume, number, pages, month, note.
@article{consonni,
  author = {Consonni Cristian and Rib√© Marc-Miquel and Laniado David},
  title = {Community Health Metrics},
  journal = {Wikimedia project},
  pages = {1},
  year = {2022}
}

@article{treemap,
  author = {Lim Kian Long and Lim Chien Huiand and Gim Yeong Fook},
  title = {A Study on the Effectiveness of Tree-Maps as Tree Visualization Techniques},
  journal = {ScienceDirect},
  pages = {109-110},
  year = {2017}
}


% conference
% same as inproceedings
% Required fields: author, title, booktitle, year. 
% Optional fields: editor, volume or number, series, pages, address, month, organization, publisher, note
@conference{dalal,
  author = {Dalal N., Triggs B.},
  title = {Histograms of Oriented Gradients for Human Detection},
  booktitle = {Computer Vision and Pattern Recognition (CVPR)},
  address = {San Diego, USA},
  year = {2005},
  month = {20-26 June},
  pages = {886-893}
}

% website
% as misc
% Required fields: none. 
% Optional fields: author, title, howpublished, month, year, note.
@misc{go,
  key=1,
  title = {Plotly - plotly graph objects},
  howpublished = "\url{https://plotly.com/python/graph-objects/}",
  note="[Online; accessed 21-June-2022]"
}

@misc{px,
  key=2,
  title = {Plotly - plotly express},
  howpublished =  "\url{https://plotly.com/python/plotly-express/}",
  note="[Online; accessed 21-June-2022]"
}

@misc{dash,
  key=3,
  title = {Dash overview},
  howpublished =  "\url{https://plotly.com/dash/}",
  note="[Online; accessed 22-June-2022]"
}

@misc{pandas,
  key=4,
  title = {Pandas - python data analysis library},
  howpublished = "\url{https://pandas.pydata.org}",
  note="[Online; accessed 22-June-2022]"
}

@misc{meta,
  key=4,
  title = {Wikimedia - Meta-Wiki main page},
  howpublished = "\url{https://meta.wikimedia.org/wiki/Main_Page}",
  note="[Online; accessed 23-June-2022]"
}

@misc{vitalsign,
  key=4,
  title = {Vital Signs - Wikimedia Community Health Metrics},
  howpublished = "\url{https://vitalsigns.wmcloud.org/}",
  note="[Online; accessed 3-July-2022]"
}


